<collection xmlns="http://www.loc.gov/MARC21/slim">
<record>
  <leader>01011nam0a2200229 i 450 </leader>
  <controlfield tag="001">IT\ICCU\CNCE\014162</controlfield>
  <controlfield tag="005">19981028000000.0</controlfield>
  <datafield tag="012" ind1=" " ind2=" ">
    <subfield code="a">tot. asum exm* sqiu (C) 1505 (Q)</subfield>
    <subfield code="2">fei</subfield>
  </datafield>
  <datafield tag="100" ind1=" " ind2=" ">
    <subfield code="a">19970101f1505        0itac0103    ba</subfield>
  </datafield>
  <datafield tag="101" ind1=" " ind2=" ">
    <subfield code="a">LAT</subfield>
  </datafield>
  <datafield tag="102" ind1=" " ind2=" ">
    <subfield code="a">IT</subfield>
  </datafield>
  <datafield tag="200" ind1="1" ind2=" ">
    <subfield code="a">Oratio in praestita obedientia solenni sanctissimo domino nostro Iulio II pape. Nomine serenissimi principis Alexandri regis Polonie... per ... Herasmum Vitellium episcopum Plocensem die lunae mensis Marcii anno salutis MDV</subfield>
  </datafield>
  <datafield tag="210" ind1=" " ind2=" ">
    <subfield code="a">\Roma</subfield>
    <subfield code="c">Eucario Silber</subfield>
    <subfield code="d">1505!</subfield>
  </datafield>
  <datafield tag="215" ind1=" " ind2=" ">
    <subfield code="a">\4! c.</subfield>
    <subfield code="d">4ʻ</subfield>
  </datafield>
  <datafield tag="620" ind1=" " ind2=" ">
    <subfield code="a">IT</subfield>
    <subfield code="d">Roma</subfield>
  </datafield>
  <datafield tag="700" ind1=" " ind2="1">
    <subfield code="a">Ciolek,</subfield>
    <subfield code="b">Erazm</subfield>
    <subfield code="3">IT\ICCU\CNCA\003179</subfield>
  </datafield>
  <datafield tag="712" ind1="0" ind2="0">
    <subfield code="a">Silber, Eucario</subfield>
    <subfield code="3">IT\ICCU\CNCT\000450</subfield>
    <subfield code="4">650</subfield>
  </datafield>
  <datafield tag="790" ind1=" " ind2="1">
    <subfield code="a">Vitellius,</subfield>
    <subfield code="b">Erasmus</subfield>
    <subfield code="3">IT\ICCU\CNCA\003178</subfield>
    <subfield code="z">Ciolek, Erazm</subfield>
  </datafield>
  <datafield tag="790" ind1=" " ind2="1">
    <subfield code="a">Witelo,</subfield>
    <subfield code="b">Erasmus</subfield>
    <subfield code="3">IT\ICCU\CNCA\003320</subfield>
    <subfield code="z">Ciolek, Erazm</subfield>
  </datafield>
  <datafield tag="791" ind1="0" ind2="0">
    <subfield code="a">Franck, Eucharius</subfield>
    <subfield code="3">IT\ICCU\CNCT\002878</subfield>
    <subfield code="z">Silber, Eucario</subfield>
  </datafield>
  <datafield tag="801" ind1=" " ind2="3">
    <subfield code="a">IT</subfield>
    <subfield code="b">ICCU</subfield>
    <subfield code="c">20201114</subfield>
  </datafield>
  <datafield tag="899" ind1=" " ind2=" ">
    <subfield code="a">Biblioteca nazionale Vittorio Emanuele III. Napoli</subfield>
    <subfield code="1">NA0079</subfield>
    <subfield code="2">NAP BN</subfield>
  </datafield>
</record>
</collection>
